<marcxml:record xmlns:marcxml="http://www.loc.gov/MARC21/slim" xmlns:idx="info:lc/xq-modules/lcindex" xmlns:madsrdf="http://www.loc.gov/mads/rdf/v1#" xmlns:ri="http://id.loc.gov/ontologies/RecordInfo#" xmlns:xlink="http://www.w3.org/1999/xlink" xmlns:rdf="http://www.w3.org/1999/02/22-rdf-syntax-ns#" xmlns:mets="http://www.loc.gov/METS/" xmlns:semtriples="http://marklogic.com/semantic" xmlns:xsi="http://www.w3.org/2001/XMLSchema-instance" xmlns:streams="info:lc/streams#">
            <marcxml:leader>01723nz  a2200205n  4500</marcxml:leader>
            <marcxml:controlfield tag="001">sh2016000744</marcxml:controlfield>
            <marcxml:controlfield tag="003">DLC</marcxml:controlfield>
            <marcxml:controlfield tag="005">20160714054431.0</marcxml:controlfield>
            <marcxml:controlfield tag="008">160404|| anannbabn          |a ana      </marcxml:controlfield>
            <marcxml:datafield tag="010" ind1=" " ind2=" ">
              <marcxml:subfield code="a">sh2016000744</marcxml:subfield>
            </marcxml:datafield>
            <marcxml:datafield tag="040" ind1=" " ind2=" ">
              <marcxml:subfield code="a">DLC</marcxml:subfield>
              <marcxml:subfield code="b">eng</marcxml:subfield>
              <marcxml:subfield code="c">DLC</marcxml:subfield>
            </marcxml:datafield>
            <marcxml:datafield tag="110" ind1="2" ind2=" ">
              <marcxml:subfield code="a">Villa Mills (Rome, Italy)</marcxml:subfield>
            </marcxml:datafield>
            <marcxml:datafield tag="410" ind1="2" ind2=" ">
              <marcxml:subfield code="a">Mattei Villa (Rome, Italy)</marcxml:subfield>
            </marcxml:datafield>
            <marcxml:datafield tag="410" ind1="2" ind2=" ">
              <marcxml:subfield code="a">Mills Villa (Rome, Italy)</marcxml:subfield>
            </marcxml:datafield>
            <marcxml:datafield tag="410" ind1="2" ind2=" ">
              <marcxml:subfield code="a">Villa Mattei (Rome, Italy)</marcxml:subfield>
            </marcxml:datafield>
            <marcxml:datafield tag="550" ind1=" " ind2=" ">
              <marcxml:subfield code="w">g</marcxml:subfield>
              <marcxml:subfield code="a">Dwellings</marcxml:subfield>
              <marcxml:subfield code="z">Italy</marcxml:subfield>
            </marcxml:datafield>
            <marcxml:datafield tag="670" ind1=" " ind2=" ">
              <marcxml:subfield code="a">Work cat: 2016373338: Garcia Barraco, Maria Elisa. Villa Mills sul Palatino e la Domus Augustana, ©2014.</marcxml:subfield>
              <marcxml:subfield code="b">pages 2-4 of cover (the Villa Mills was located on Rome's Palatine Hill, on the site of the Domus Augustana, built during the reign of Domitian; the villa dated from the Renaissance and was adorned with frescoes by Peruzzi and the school of Raphael; it was substantially modified over the centuries, especially by its owner from 1818-1846, Scottish antiquarian Charles Mills, who remodeled the villa in the Neo-Gothic style; the villa was razed in the 20th century to permit excavations of the Domus Augustana, conducted under Alfonso Bartoli; today, all that remains of the villa is a small loggia)</marcxml:subfield>
            </marcxml:datafield>
            <marcxml:datafield tag="670" ind1=" " ind2=" ">
              <marcxml:subfield code="a">Guida d'Italia del T.C.I. Roma e dintorni, 1977:</marcxml:subfield>
              <marcxml:subfield code="b">p. 125 (on the Palatine, passing the area formerly occupied by the Villa Mills ... )</marcxml:subfield>
            </marcxml:datafield>
            <marcxml:datafield tag="670" ind1=" " ind2=" ">
              <marcxml:subfield code="a">Masson, Georgina. The companion guide to Rome, 1967:</marcxml:subfield>
              <marcxml:subfield code="b">p. 70-71 (the only appreciable remains of the Domus Augustana ... were preserved by having been incorporated into the sixteenth-century Villa Mattei, later furbished ... by an Englishman of the name of Mills)</marcxml:subfield>
            </marcxml:datafield>
            <marcxml:datafield tag="670" ind1=" " ind2=" ">
              <marcxml:subfield code="a">Google books, April 12, 2016:</marcxml:subfield>
              <marcxml:subfield code="b">(search under "Villa Mills" and "Palatine": 1180 hits; search under "Villa Mattei" and "Palatine": 559 hits)</marcxml:subfield>
            </marcxml:datafield>
          </marcxml:record>
